@article{althobaiti2020triaxial,
  title={Triaxial accelerometer-based falls and activities of daily life detection using machine learning},
  author={Althobaiti, Turke and Katsigiannis, Stamos and Ramzan, Naeem},
  journal={Sensors},
  volume={20},
  number={13},
  pages={3777},
  year={2020},
  publisher={Multidisciplinary Digital Publishing Institute}
}

@article{vseketa2021event,
  title={Event-centered data segmentation in accelerometer-based fall detection algorithms},
  author={{\v{S}}eketa, Goran and Pavlakovi{\'c}, Lovro and D{\v{z}}aja, Dominik and Lackovi{\'c}, Igor and Magjarevi{\'c}, Ratko},
  journal={Sensors},
  volume={21},
  number={13},
  pages={4335},
  year={2021},
  publisher={Multidisciplinary Digital Publishing Institute}
}

@article{ozdemir2014detecting,
  title={Detecting falls with wearable sensors using machine learning techniques},
  author={{\"O}zdemir, Ahmet Turan and Barshan, Billur},
  journal={Sensors},
  volume={14},
  number={6},
  pages={10691--10708},
  year={2014},
  publisher={Multidisciplinary Digital Publishing Institute}
}

@article{sucerquia2017sisfall,
  title={SisFall: A fall and movement dataset},
  author={Sucerquia, Angela and L{\'o}pez, Jos{\'e} David and Vargas-Bonilla, Jes{\'u}s Francisco},
  journal={Sensors},
  volume={17},
  number={1},
  pages={198},
  year={2017},
  publisher={Multidisciplinary Digital Publishing Institute}
}

@data{bnya-mn34-20,
doi = {10.21227/bnya-mn34},
url = {https://dx.doi.org/10.21227/bnya-mn34},
author = {SALEH, Majd and LE BOUQUIN JEANNES, RÃ©gine},
publisher = {IEEE Dataport},
title = {FallAllD: A Comprehensive Dataset of Human Falls and Activities of Daily Living},
year = {2020} } 

@data{makusafe,
url = {https://github.com/nikdata/human-activity-recognition},
title = {Makusafe Human Activity Recognition dataset},
author = {Makusafe},
year = {2022} }